
@inproceedings{Ke2005,
  title = {{Efficient Visual Event Detection using Volumetric Features}},
  author = {Ke, Yan and Sukthankar, Rahul and Hebert, Martial},
  booktitle = {Tenth IEEE International Conference on Computer Vision},
  volume = {1},
  pages = {166--173},
  year = {2005},
  organization = {IEEE}
}
