@article{wilkinson1960n,
  title={An N-way hybrid power divider},
  author={Wilkinson, Ernest J},
  journal={IRE Transactions on microwave theory and techniques},
  volume={8},
  number={1},
  pages={116--118},
  year={1960},
  publisher={IEEE}
}
@inproceedings{gunel2016modeling,
  title={Modeling of Basic Propeller Thrust Test System and Thrust Control Using PID method},
  author={G{\"u}nel, Onur and Ankaral{\i}, Arif},
  booktitle={4th International Symposium on Innovative Technologies in Engineering and Science (ISITES2016) 3-5 Nov 2016 Alanya/Antalya-Turkey},
  year={2016}
}
@article{pozar2012microwave,
  title={Microwave engineering},
  author={Pozar, David M},
  year={2012},
  publisher={Wiley}
}