@inproceedings{gunel2016modeling,
  title={Modeling of Basic Propeller Thrust Test System and Thrust Control Using PID method},
  author={G{\"u}nel, Onur and Ankaral{\i}, Arif},
  booktitle={4th International Symposium on Innovative Technologies in Engineering and Science (ISITES2016) 3-5 Nov 2016 Alanya/Antalya-Turkey},
  year={2016}
}
@misc{edxpage,
author = {MITx},
title = {Introduction to Control System Design â€“ A First Look},
year = {2016},
howpublished = "url{ https://www.edx.org/course/introduction-to-control-system-design-a-first-look}",
urldate = {16-11-2019}
}
@misc{edxpage1,
author = {MITx},
title = {Introduction to Control System Design-Computational State Space Approaches},
year = {2016},
howpublished = "url{ https://courses.edx.org/courses/course-v1:MITx+6.302.1x+2T2016/course/}",
urldate = {02-02-2020}
}
@book{dorf2005sistemas,
  title={Sistemas de control moderno},
  author={Dorf, Richard C and Bishop, Robert H and Canto, Sebasti{\'a}n Dormido and Canto, Raquel Dormido and Dormido, Sebasti{\'a}n},
  year={2005},
  publisher={Pearson Educaci{\'o}n}
}
@manual{dcmotor,
    organization  = "FAULHABER",
    title         = "DC-Micromotors",
    number        = "Series 0816 ... SR",
    year          =  2019,
    month         =  November,    
    note          = "Rev. 3"
}

